@BOOK{texbook,
   author = "Donald E. Knuth",
   title= "The {{\TeX}book}",
   publisher = "Addison-Wesley",
   year = 1984
   }

@BOOK{latexbook,
   author = "Leslie Lamport",
   title = "{\LaTeX \rm:} {A} Document Preparation System",
   publisher = "Addison-Wesley",
   year = 1986
   }

@BOOK{latexcompanion,
   author = "Frank Mittelbach and Michel Goossens",
   title = "The {\LaTeX }Companion Second Edition",
   publisher = "Addison-Wesley",
   year = 2004
   }


@misc{WikiBooks:2011:LaTeX,
title = {LaTeX - Wikibooks, open books for an open world},
howpublished={wikibooks},
month = Sept,
year = {2011},
url = {http://en.wikibooks.org/wiki/LaTeX}
}

@misc{bibtexsite,
author={bibtex},
year={2014},
title={Home page BibTeX project},
howpublished={web},
url={http://www.bibtex.org/Using/}
}